<?xml version="1.0" encoding="UTF-8"?>
<record xmlns="http://www.loc.gov/MARC21/slim" xmlns:zs="http://docs.oasis-open.org/ns/search-ws/sruResponse">
 <leader>
  04395cicaa22005777i 4500
 </leader>
 <controlfield tag="001">
  18549830
 </controlfield>
 <controlfield tag="005">
  20160711164747.0
 </controlfield>
 <controlfield tag="007">
  ss |mnjla||||e
 </controlfield>
 <controlfield tag="008">
  150331i19811985xx nn          t    eng
 </controlfield>
 <datafield ind1=" " ind2=" " tag="906">
  <subfield code="a">
   7
  </subfield>
  <subfield code="b">
   cbc
  </subfield>
  <subfield code="c">
   orignew
  </subfield>
  <subfield code="d">
   u
  </subfield>
  <subfield code="e">
   ncip
  </subfield>
  <subfield code="f">
   20
  </subfield>
  <subfield code="g">
   y-folklife
  </subfield>
 </datafield>
 <datafield ind1=" " ind2=" " tag="955">
  <subfield code="a">
   mkru 2015-03-31
  </subfield>
  <subfield code="a">
   mkru 2015-11-12
  </subfield>
  <subfield code="a">
   mkru 2016-04-29
  </subfield>
  <subfield code="a">
   mkru 2016-07-11
  </subfield>
 </datafield>
 <datafield ind1="2" ind2="0" tag="033">
  <subfield code="a">
   1981----
  </subfield>
  <subfield code="a">
   1985----
  </subfield>
 </datafield>
 <datafield ind1=" " ind2=" " tag="010">
  <subfield code="a">
   2015655361
  </subfield>
 </datafield>
 <datafield ind1=" " ind2=" " tag="040">
  <subfield code="a">
   DLC
  </subfield>
  <subfield code="c">
   DLC
  </subfield>
  <subfield code="e">
   dacs
  </subfield>
  <subfield code="d">
   DLC
  </subfield>
 </datafield>
 <datafield ind1=" " ind2=" " tag="043">
  <subfield code="a">
   n-us-ny
  </subfield>
 </datafield>
 <datafield ind1=" " ind2=" " tag="090">
  <subfield code="a">
   RYK 8464-8593
  </subfield>
 </datafield>
 <datafield ind1=" " ind2=" " tag="090">
  <subfield code="a">
   AFC 1998/015
  </subfield>
 </datafield>
 <datafield ind1="0" ind2="0" tag="245">
  <subfield code="a">
   Men's lives documentation project interviews
  </subfield>
  <subfield code="h">
   [sound recording].
  </subfield>
 </datafield>
 <datafield ind1=" " ind2=" " tag="260">
  <subfield code="c">
   1981-1985.
  </subfield>
 </datafield>
 <datafield ind1=" " ind2=" " tag="300">
  <subfield code="a">
   122 sound cassettes :
  </subfield>
  <subfield code="b">
   analog.
  </subfield>
 </datafield>
 <datafield ind1=" " ind2=" " tag="300">
  <subfield code="a">
   2 reels microfilm.
  </subfield>
 </datafield>
 <datafield ind1=" " ind2=" " tag="300">
  <subfield code="3">
   manuscripts
  </subfield>
  <subfield code="a">
   3,025 file cards.
  </subfield>
 </datafield>
 <datafield ind1=" " ind2=" " tag="300">
  <subfield code="3">
   manuscripts
  </subfield>
  <subfield code="a">
   6
  </subfield>
  <subfield code="f">
   boxes.
  </subfield>
 </datafield>
 <datafield ind1=" " ind2=" " tag="520">
  <subfield code="a">
   Collection of field recordings of oral history interviews on the history and occupational culture of a small fishing community of surfmen and baymen on the East End of Long Island, New York as part of a documentation project sponsored by the Rock Foundation and Adelaide de Menil. The interviews were conducted on Long Island between 1981 and 1985 by folklorist John Eilertsen and others. Manuscripts include interview transcripts, notes, and a file card index of interview excerpts, field notes, and subject headings. Related published ephemera include a publicity file of English and French language press coverage of the Men's Lives exhibition and local newsletters.
  </subfield>
 </datafield>
 <datafield ind1="8" ind2=" " tag="524">
  <subfield code="a">
   Men's lives documentation project interviews (AFC 1998/015), Archive of Folk Culture, American Folklife Center, Library of Congress, Washington, D.C.
  </subfield>
 </datafield>
 <datafield ind1="1" ind2=" " tag="506">
  <subfield code="a">
   Collection is open for research. Access to recordings may be restricted. To request materials, please contact the Folklife Reading Room at
  </subfield>
  <subfield code="u">
   http://hdl.loc.gov/loc.afc/folklife.contact
  </subfield>
 </datafield>
 <datafield ind1=" " ind2=" " tag="540">
  <subfield code="a">
   Duplication of sound recordings may be governed by copyright and other restrictions.
  </subfield>
 </datafield>
 <datafield ind1=" " ind2=" " tag="541">
  <subfield code="a">
   Adelaide de Menil;
  </subfield>
  <subfield code="c">
   Donation;
  </subfield>
  <subfield code="d">
   1996.
  </subfield>
 </datafield>
 <datafield ind1="0" ind2=" " tag="544">
  <subfield code="3">
   Original project photographs, Men's lives documentation project [graphic] (circa 140,000 prints) are located in
  </subfield>
  <subfield code="a">
   Library of Congress, Prints and Photographs Division; unprocessed in PR 13 CN 1996:063.
  </subfield>
 </datafield>
 <datafield ind1=" " ind2=" " tag="545">
  <subfield code="a">
   In 1981, a local fisherman and photographer, Doug Kuntz, expressed the desire to document his East End community of fishers on South Fork, Long Island, whose traditions can be traced back three hundred years to its original settlement during the seventeenth century. Adelaide de Menil, founder of the philanthropic organization The Rock Foundation, encouraged Kuntz to pursue the project and invited seven other photographers and writer Peter Matthiessen to document the community.  The materials gathered during the following four years became the source material for the Men's Lives traveling exhibition and for Matthiessen's book Men's Lives: the Surfmen and Baymen of the South Fork (1986).  John Eilertsen was executive director of the Bridgehampton Historical Society.
  </subfield>
 </datafield>
 <datafield ind1=" " ind2=" " tag="546">
  <subfield code="a">
   In English; some print materials are in French.
  </subfield>
 </datafield>
 <datafield ind1="0" ind2=" " tag="555">
  <subfield code="a">
   Finding aid is available online
  </subfield>
  <subfield code="u">
   http://hdl.loc.gov/loc.afc/eadafc.af016002
  </subfield>
 </datafield>
 <datafield ind1=" " ind2=" " tag="581">
  <subfield code="a">
   Selected interviews and photographs were published in: Men's lives : the surfmen and baymen of the South Fork / Peter Matthiessen. New York: Random House, 1986.
  </subfield>
 </datafield>
 <datafield ind1=" " ind2="0" tag="650">
  <subfield code="a">
   Fishers
  </subfield>
  <subfield code="z">
   New York (State)
  </subfield>
  <subfield code="z">
   Long Island
  </subfield>
  <subfield code="v">
   Interviews.
  </subfield>
 </datafield>
 <datafield ind1=" " ind2="0" tag="650">
  <subfield code="a">
   Fishers
  </subfield>
  <subfield code="z">
   New York (State)
  </subfield>
  <subfield code="z">
   Long Island
  </subfield>
  <subfield code="x">
   History.
  </subfield>
 </datafield>
 <datafield ind1=" " ind2="0" tag="650">
  <subfield code="a">
   Seining
  </subfield>
  <subfield code="z">
   New York (State)
  </subfield>
  <subfield code="z">
   Long Island.
  </subfield>
 </datafield>
 <datafield ind1=" " ind2="0" tag="650">
  <subfield code="a">
   Eel fisheries
  </subfield>
  <subfield code="z">
   New York (State)
  </subfield>
  <subfield code="z">
   Long Island.
  </subfield>
 </datafield>
 <datafield ind1=" " ind2="0" tag="650">
  <subfield code="a">
   Atlantic menhaden fisheries
  </subfield>
  <subfield code="z">
   Atlantic Coast (U.S.)
  </subfield>
 </datafield>
 <datafield ind1=" " ind2="0" tag="650">
  <subfield code="a">
   Field recordings
  </subfield>
  <subfield code="z">
   New York (State)
  </subfield>
  <subfield code="z">
   Long Island.
  </subfield>
 </datafield>
 <datafield ind1=" " ind2="0" tag="651">
  <subfield code="a">
   East End (Long Island, N.Y.)
  </subfield>
  <subfield code="x">
   Social life and customs.
  </subfield>
 </datafield>
 <datafield ind1=" " ind2="7" tag="655">
  <subfield code="a">
   Interviews (Sound recordings)
  </subfield>
  <subfield code="2">
   lcgft
  </subfield>
 </datafield>
 <datafield ind1=" " ind2="7" tag="655">
  <subfield code="a">
   Oral histories
  </subfield>
  <subfield code="2">
   lcgft
  </subfield>
 </datafield>
 <datafield ind1=" " ind2="7" tag="655">
  <subfield code="a">
   Field recordings.
  </subfield>
  <subfield code="2">
   lcgft
  </subfield>
 </datafield>
 <datafield ind1="1" ind2=" " tag="700">
  <subfield code="a">
   Eilertsen, John,
  </subfield>
  <subfield code="e">
   interviewer.
  </subfield>
 </datafield>
 <datafield ind1="1" ind2=" " tag="700">
  <subfield code="a">
   Lester, Stewart,
  </subfield>
  <subfield code="e">
   interviewee.
  </subfield>
 </datafield>
 <datafield ind1="1" ind2=" " tag="700">
  <subfield code="a">
   De Menil, Adelaide,
  </subfield>
  <subfield code="e">
   sponsor,
  </subfield>
  <subfield code="e">
   donor.
  </subfield>
 </datafield>
 <datafield ind1="1" ind2=" " tag="710">
  <subfield code="a">
   Rock Foundation Trust,
  </subfield>
  <subfield code="e">
   sponsor.
  </subfield>
 </datafield>
 <datafield ind1=" " ind2=" " tag="852">
  <subfield code="a">
   Library of Congress
  </subfield>
  <subfield code="b">
   Archive of Folk Culture, American Folklife Center,
  </subfield>
  <subfield code="e">
   101 Independence Ave. S.E., Washington, DC USA 20540-4610
  </subfield>
  <subfield code="u">
   http://hdl.loc.gov/loc.afc/folklife.home
  </subfield>
 </datafield>
 <datafield ind1="4" ind2="2" tag="856">
  <subfield code="3">
   Finding aid
  </subfield>
  <subfield code="u">
   http://hdl.loc.gov/loc.afc/eadafc.af016002
  </subfield>
 </datafield>
 <datafield ind1=" " ind2=" " tag="985">
  <subfield code="a">
   afc/coll
  </subfield>
 </datafield>
 <datafield ind1=" " ind2=" " tag="985">
  <subfield code="a">
   afc/ead
  </subfield>
 </datafield>
</record>
